[gd_scene load_steps=11 format=2]

[ext_resource path="res://Levels/Level0/Level0.gd" type="Script" id=1]
[ext_resource path="res://Assets/LiberationMono-Bold.ttf" type="DynamicFontData" id=2]
[ext_resource path="res://Player/Player.tscn" type="PackedScene" id=3]
[ext_resource path="res://Tiles/basetile.tres" type="TileSet" id=4]
[ext_resource path="res://DiabloHand/DiabloHand.tscn" type="PackedScene" id=5]
[ext_resource path="res://Assets/porte.png" type="Texture" id=6]
[ext_resource path="res://Assets/Musics/8 bit 6.wav" type="AudioStream" id=7]
[ext_resource path="res://Particules/Cube_ame.tscn" type="PackedScene" id=8]

[sub_resource type="DynamicFont" id=1]

size = 64
use_mipmaps = false
use_filter = false
font_data = ExtResource( 2 )
_sections_unfolded = [ "Font", "Settings" ]

[sub_resource type="RectangleShape2D" id=2]

custom_solver_bias = 0.0
extents = Vector2( 28.3594, 385.245 )

[node name="Level0" type="Node"]

script = ExtResource( 1 )
next_level = "Level0/Level7.tscn"

[node name="Title" type="Label" parent="." index="0"]

anchor_left = 0.0
anchor_top = 0.0
anchor_right = 0.0
anchor_bottom = 0.0
margin_left = -270.288
margin_top = 71.633
margin_right = 749.712
margin_bottom = 145.633
rect_pivot_offset = Vector2( 0, 0 )
rect_clip_content = false
mouse_filter = 2
mouse_default_cursor_shape = 0
size_flags_horizontal = 1
size_flags_vertical = 4
custom_fonts/font = SubResource( 1 )
text = "Greed"
percent_visible = 0.0
lines_skipped = 0
max_lines_visible = -1
_sections_unfolded = [ "custom_fonts" ]

[node name="Player" parent="." index="1" instance=ExtResource( 3 )]

position = Vector2( 239.277, 353.841 )

[node name="TileMap" type="TileMap" parent="." index="2"]

mode = 0
tile_set = ExtResource( 4 )
cell_size = Vector2( 64, 64 )
cell_quadrant_size = 16
cell_custom_transform = Transform2D( 1, 0, 0, 1, 0, 0 )
cell_half_offset = 2
cell_tile_origin = 0
cell_y_sort = false
cell_clip_uv = false
collision_use_kinematic = false
collision_friction = 1.0
collision_bounce = 0.0
collision_layer = 1
collision_mask = 1
occluder_light_mask = 1
format = 1
tile_data = PoolIntArray( 65556, 1610612736, 0, 262151, 0, 0, 262159, 0, 0, 262160, 0, 0, 262161, 0, 0, 262162, 0, 0, 262163, 0, 0, 262164, 0, 0, 262165, 0, 0, 327701, -1073741824, 0, 327702, 2, 0, 327703, 2, 0, 458742, 0, 0, 458743, 0, 0, 458744, 0, 0, 458745, 0, 0, 458746, 0, 0, 458747, 0, 0, 458748, 0, 0, 458749, 0, 0, 458750, 0, 0, 458751, 0, 0, 393216, 0, 0, 393217, 0, 0, 393218, 0, 0, 393219, 0, 0, 393220, 0, 0, 393225, 0, 0, 393226, 0, 0, 393227, 0, 0, 393228, 0, 0, 393229, 0, 0, 393230, 0, 0, 393231, 0, 0, 393232, 0, 0, 393233, 0, 0, 393234, 0, 0, 393235, 0, 0, 393236, 0, 0, 393237, 0, 0, 393238, 0, 0, 393239, 0, 0, 393240, 0, 0, 393241, 0, 0, 393248, 0, 0, 393249, 0, 0, 393250, 0, 0, 393251, 0, 0, 393252, 0, 0, 393253, 0, 0, 458756, 0, 0, 458757, 0, 0, 458758, 0, 0, 458759, 0, 0, 458760, 0, 0, 458761, 0, 0, 458777, 0, 0, 458778, 0, 0, 458779, 0, 0, 458780, 0, 0, 458781, 0, 0, 458782, 0, 0, 458783, 0, 0, 458784, 0, 0 )
_sections_unfolded = [ "Transform" ]

[node name="TileMapTraps" type="TileMap" parent="." index="3" groups=[
"traps",
]]

mode = 0
tile_set = ExtResource( 4 )
cell_size = Vector2( 64, 64 )
cell_quadrant_size = 16
cell_custom_transform = Transform2D( 1, 0, 0, 1, 0, 0 )
cell_half_offset = 2
cell_tile_origin = 0
cell_y_sort = false
cell_clip_uv = false
collision_use_kinematic = false
collision_friction = 1.0
collision_bounce = 0.0
collision_layer = 1
collision_mask = 1
occluder_light_mask = 1
format = 1
tile_data = PoolIntArray( 131092, 1610612738, 0, 196626, 2, 0, 327692, 2, 0, 327700, -1073741822, 0, 393221, 1, 0, 393222, 1, 0, 393223, 1, 0, 393224, 1, 0, 393242, 1, 0, 393243, 1, 0, 393244, 1, 0, 393245, 1, 0, 393246, 1, 0, 393247, 1, 0 )
_sections_unfolded = [ "Cell" ]

[node name="DiabloHand" parent="." index="4" instance=ExtResource( 5 )]

position = Vector2( -391.288, 266.633 )
SPEED = 450

[node name="EndGate" type="Area2D" parent="." index="5"]

editor/display_folded = true
position = Vector2( 2402.7, 255.861 )
input_pickable = true
gravity_vec = Vector2( 0, 1 )
gravity = 98.0
linear_damp = 0.1
angular_damp = 1.0
audio_bus_override = false
audio_bus_name = "Master"
__meta__ = {
"_edit_group_": true
}

[node name="CollisionShape2D" type="CollisionShape2D" parent="EndGate" index="0"]

position = Vector2( -0.695312, -1.9277 )
shape = SubResource( 2 )

[node name="Sprite" type="Sprite" parent="EndGate" index="1"]

texture = ExtResource( 6 )

[node name="Musique lvl6" type="AudioStreamPlayer" parent="." index="6"]

stream = ExtResource( 7 )
volume_db = 0.0
pitch_scale = 1.0
autoplay = true
mix_target = 0
bus = "Master"

[node name="Cube_ame" parent="." index="7" instance=ExtResource( 8 )]

position = Vector2( 2057, -4.99998 )

[connection signal="on_level_ready" from="." to="DiabloHand" method="_on_Level0_on_level_ready"]

[connection signal="on_level_ready" from="." to="Player" method="_on_Level0_on_level_ready"]

[connection signal="on_hurt" from="Player" to="DiabloHand" method="_on_Player_on_hurt"]

[connection signal="on_move" from="Player" to="DiabloHand" method="_on_Player_on_move"]

[connection signal="body_entered" from="EndGate" to="." method="_on_Area2D_body_entered"]

[connection signal="body_entered" from="Cube_ame" to="." method="_on_Cube_ame_body_entered"]


